
@article{berry2019increasing,
  title={Do increasing markups matter? lessons from empirical industrial organization},
  author={Berry, Steven and Gaynor, Martin and Scott Morton, Fiona},
  journal={Journal of Economic Perspectives},
  volume={33},
  number={3},
  pages={44--68},
  year={2019}
}

@article{hall1988relation,
  title={The relation between price and marginal cost in US industry},
  author={Hall, Robert E},
  journal={Journal of political Economy},
  volume={96},
  number={5},
  pages={921--947},
  year={1988},
  publisher={The University of Chicago Press}
}

@article{de2012markups,
  title={Markups and firm-level export status},
  author={De Loecker, Jan and Warzynski, Frederic},
  journal={American economic review},
  volume={102},
  number={6},
  pages={2437--71},
  year={2012}
}